@inproceedings{Devlin2019BERTPO,
  title={BERT: Pre-training of Deep Bidirectional Transformers for Language Understanding},
  author={Jacob Devlin and Ming-Wei Chang and Kenton Lee and Kristina Toutanova},
  booktitle={NAACL},
  year={2019}
}

@inproceedings{lu2019vilbert,
  added-at = {2020-12-19T19:25:20.000+0100},
  author = {Lu, Jiasen and Batra, Dhruv and Parikh, Devi and Lee, Stefan},
  biburl = {https://www.bibsonomy.org/bibtex/237d7de03f6aa1ec9a6054af129f3d244/nosebrain},
  booktitle = {NeurIPS},
  crossref = {conf/nips/2019},
  editor = {Wallach, Hanna M. and Larochelle, Hugo and Beygelzimer, Alina and d'Alché Buc, Florence and Fox, Emily B. and Garnett, Roman},
  ee = {http://papers.nips.cc/paper/8297-vilbert-pretraining-task-agnostic-visiolinguistic-representations-for-vision-and-language-tasks},
  interhash = {5491ecfad5838a969af210cede903fcf},
  intrahash = {37d7de03f6aa1ec9a6054af129f3d244},
  keywords = {bert image text vilbert},
  pages = {13-23},
  timestamp = {2020-12-19T19:25:32.000+0100},
  title = {ViLBERT: Pretraining Task-Agnostic Visiolinguistic Representations for Vision-and-Language Tasks},
  url = {http://dblp.uni-trier.de/db/conf/nips/nips2019.html#LuBPL19},
  year = 2019
}

@article{li2019visualbert,
  added-at = {2021-06-05T13:27:13.000+0200},
  author = {Li, Liunian Harold and Yatskar, Mark and Yin, Da and Hsieh, Cho-Jui and Chang, Kai-Wei},
  biburl = {https://www.bibsonomy.org/bibtex/20be9136c67a2369822bbd9d18d58d400/jan_seidlein},
  description = {Given paper, interesting but not the main focus for the paper.},
  interhash = {cf9b3913ea6c465548e5cfcaa76b1e2a},
  intrahash = {0be9136c67a2369822bbd9d18d58d400},
  journal = {arXiv preprint arXiv:1908.03557},
  keywords = {thema:Visualbert(Sequential)},
  timestamp = {2021-06-05T13:27:13.000+0200},
  title = {Visualbert: A simple and performant baseline for vision and language},
  year = 2019
}

@article{Su2020VLBERTPO,
  title={VL-BERT: Pre-training of Generic Visual-Linguistic Representations},
  author={Weijie Su and Xizhou Zhu and Yue Cao and Bin Li and Lewei Lu and Furu Wei and Jifeng Dai},
  journal={ArXiv},
  year={2020},
  volume={abs/1908.08530}
}

@article{Tan2019LXMERTLC,
  title={LXMERT: Learning Cross-Modality Encoder Representations from Transformers},
  author={Hao Hao Tan and Mohit Bansal},
  journal={ArXiv},
  year={2019},
  volume={abs/1908.07490}
}

@article{Akbari2021VATTTF,
  title={VATT: Transformers for Multimodal Self-Supervised Learning from Raw Video, Audio and Text},
  author={Hassan Akbari and Li Yuan and Rui Qian and Wei-Hong Chuang and Shih-Fu Chang and Yin Cui and Boqing Gong},
  journal={ArXiv},
  year={2021},
  volume={abs/2104.11178}
}

@article{Vaswani2017AttentionIA,
  title={Attention is All you Need},
  author={Ashish Vaswani and Noam M. Shazeer and Niki Parmar and Jakob Uszkoreit and Llion Jones and Aidan N. Gomez and Lukasz Kaiser and Illia Polosukhin},
  journal={ArXiv},
  year={2017},
  volume={abs/1706.03762}
}

@misc{naqvi_2017, title={Alzheimer's disease statistics}, url={https://alzheimersnewstoday.com/alzheimers-disease-statistics/}, journal={Alzheimer's News Today}, author={Naqvi, Erum}, year={2017}, month={Jun}} 

@misc{thies_bleiler_2013, title={2013 Alzheimer's Disease Facts and Figures - Wiley Online Library}, url={https://alz-journals.onlinelibrary.wiley.com/doi/10.1016/j.jalz.2013.02.003}, journal={Alzheimer's Association Report}, publisher={Alzheimer's Association }, author={Thies, William and Bleiler, Laura}, year={2013}, month={Mar}} 
 
@article{https://doi.org/10.1016/j.jalz.2016.03.001,
author = {Alzheimer's Association},
title = {2016 Alzheimer's disease facts and figures},
journal = {Alzheimer's \& Dementia},
volume = {12},
number = {4},
pages = {459-509},
keywords = {Alzheimer's disease, Dementia, Diagnostic criteria, Prevalence, Incidence, Mortality, Morbidity, Caregivers, Family caregiver, Spouse caregiver, Sandwich generation caregiver, Health care costs, Health care expenditures, Long-term care costs, Medicare spending, Medicaid spending, Long-term care insurance, Care contributor, Out-of-pocket expenses, Food security, Financial security, Families, Income},
doi = {https://doi.org/10.1016/j.jalz.2016.03.001},
url = {https://alz-journals.onlinelibrary.wiley.com/doi/abs/10.1016/j.jalz.2016.03.001},
eprint = {https://alz-journals.onlinelibrary.wiley.com/doi/pdf/10.1016/j.jalz.2016.03.001},
year = {2016}
}



@misc{iddi_li_aisen_rafii_thompson_donohue_2019, title={Predicting the course of alzheimer's progression - brain informatics}, url={https://braininformatics.springeropen.com/articles/10.1186/s40708-019-0099-0#citeas}, journal={SpringerOpen}, publisher={Springer Berlin Heidelberg}, author={Iddi, Samuel and Li, Dan and Aisen, Paul S. and Rafii, Michael S. and Thompson, Wesley K. and Donohue, Michael C.}, year={2019}, month={Jun}} 
 
@misc{iddi_li_aisen_rafii_thompson_donohue_2019, title={Predicting the course of alzheimer's progression - brain informatics}, url={https://braininformatics.springeropen.com/articles/10.1186/s40708-019-0099-0#citeas}, journal={SpringerOpen}, publisher={Springer Berlin Heidelberg}, author={Iddi, Samuel and Li, Dan and Aisen, Paul S. and Rafii, Michael S. and Thompson, Wesley K. and Donohue, Michael C.}, year={2019}, month={Jun}} 
  
@misc{petersen_2016, title={Mild cognitive impairment}, url={https://www.ncbi.nlm.nih.gov/pmc/articles/PMC5390929/}, journal={Continuum (Minneapolis, Minn.)}, publisher={American Academy of Neurology}, author={Petersen, Ronald C}, year={2016}, month={Apr}} 


@article{WANG2019145,
title = {Ensemble of 3D densely connected convolutional network for diagnosis of mild cognitive impairment and Alzheimer’s disease},
journal = {Neurocomputing},
volume = {333},
pages = {145-156},
year = {2019},
issn = {0925-2312},
doi = {https://doi.org/10.1016/j.neucom.2018.12.018},
url = {https://www.sciencedirect.com/science/article/pii/S0925231218314723},
author = {Hongfei Wang and Yanyan Shen and Shuqiang Wang and Tengfei Xiao and Liming Deng and Xiangyu Wang and Xinyan Zhao},
keywords = {3D dense connection, Ensemble learning, Convolutional neural network, Alzheimer’s disease}}


@article{FANG2020108856,
title = {Gaussian discriminative component analysis for early detection of Alzheimer’s disease: A supervised dimensionality reduction algorithm},
journal = {Journal of Neuroscience Methods},
volume = {344},
pages = {108856},
year = {2020},
issn = {0165-0270},
doi = {https://doi.org/10.1016/j.jneumeth.2020.108856},
url = {https://www.sciencedirect.com/science/article/pii/S016502702030279X},
author = {Chen Fang and Chunfei Li and Parisa Forouzannezhad and Mercedes Cabrerizo and Rosie E. Curiel and David Loewenstein and Ranjan Duara and Malek Adjouadi},
keywords = {Alzheimer’s disease, Computer-aided diagnosis, Dimensionality reduction, Mild cognitive impairment (MCI), Multiclass classification, Multimodal analysis}}

@article{UYSAL2020108669,
title = {Hippocampal atrophy based Alzheimer’s disease diagnosis via machine learning methods},
journal = {Journal of Neuroscience Methods},
volume = {337},
pages = {108669},
year = {2020},
issn = {0165-0270},
doi = {https://doi.org/10.1016/j.jneumeth.2020.108669},
url = {https://www.sciencedirect.com/science/article/pii/S0165027020300911},
author = {Gokce Uysal and Mahmut Ozturk},
keywords = {Alzheimer’s disease, Hippocampal atrophy, Magnetic resonance imaging, Semi-automatic segmentation, Machine learning}}

@article{KRUTHIKA201934,
title = {Multistage classifier-based approach for Alzheimer's disease prediction and retrieval},
journal = {Informatics in Medicine Unlocked},
volume = {14},
pages = {34-42},
year = {2019},
issn = {2352-9148},
doi = {https://doi.org/10.1016/j.imu.2018.12.003},
url = {https://www.sciencedirect.com/science/article/pii/S2352914818301758},
author = {K.R. Kruthika and  Rajeswari and H.D. Maheshappa},
keywords = {Alzheimer's disease, Machine learning, Content-based image retrieval, Multistage classifier, PSO, Structural MRI, SVM, K-NN}}


 
@article{ELSAPPAGH2020197,
title = {Multimodal multitask deep learning model for Alzheimer’s disease progression detection based on time series data},
journal = {Neurocomputing},
volume = {412},
pages = {197-215},
year = {2020},
issn = {0925-2312},
doi = {https://doi.org/10.1016/j.neucom.2020.05.087},
url = {https://www.sciencedirect.com/science/article/pii/S0925231220309383},
author = {Shaker El-Sappagh and Tamer Abuhmed and S.M. {Riazul Islam} and Kyung Sup Kwak},
keywords = {Alzheimer’s disease, Progression detection, Multimodal multitask learning, Deep learning, Machine learning, Time series data analysis}}



@article{ABUHMED2021106688,
title = {Robust hybrid deep learning models for Alzheimer’s progression detection},
journal = {Knowledge-Based Systems},
volume = {213},
pages = {106688},
year = {2021},
issn = {0950-7051},
doi = {https://doi.org/10.1016/j.knosys.2020.106688},
url = {https://www.sciencedirect.com/science/article/pii/S0950705120308170},
author = {Tamer Abuhmed and Shaker El-Sappagh and Jose M. Alonso},
keywords = {Computer-aided diagnosis, Information fusion, Multimodal multitask learning, Alzheimer’s disease, Alzheimer’s progression, Cognitive scores regression}}


@article{BUCHOLC2019157,
title = {A practical computerized decision support system for predicting the severity of Alzheimer's disease of an individual},
journal = {Expert Systems with Applications},
volume = {130},
pages = {157-171},
year = {2019},
issn = {0957-4174},
doi = {https://doi.org/10.1016/j.eswa.2019.04.022},
url = {https://www.sciencedirect.com/science/article/pii/S0957417419302520},
author = {Magda Bucholc and Xuemei Ding and Haiying Wang and David H. Glass and Hui Wang and Girijesh Prasad and Liam P. Maguire and Anthony J. Bjourson and Paula L. McClean and Stephen Todd and David P. Finn and KongFatt Wong-Lin},
keywords = {Dementia, Alzheimer's disease, Decision support system, Machine learning, Diagnosis support, Cognitive impairment}}

@article{venugopalan2021multimodal,
  title={Multimodal deep learning models for early detection of Alzheimer’s disease stage},
  author={Venugopalan, Janani and Tong, Li and Hassanzadeh, Hamid Reza and Wang, May D},
  journal={Scientific reports},
  volume={11},
  number={1},
  pages={1--13},
  year={2021},
  publisher={Nature Publishing Group}
}
 
@article{james2014contribution,
  title={Contribution of Alzheimer disease to mortality in the United States},
  author={James, Bryan D and Leurgans, Sue E and Hebert, Liesi E and Scherr, Paul A and Yaffe, Kristine and Bennett, David A},
  journal={Neurology},
  volume={82},
  number={12},
  pages={1045--1050},
  year={2014},
  publisher={AAN Enterprises}
}


@article{jedynak2012computational,
  title={A computational neurodegenerative disease progression score: method and results with the Alzheimer's disease neuroimaging initiative cohort},
  author={Jedynak, Bruno M and Lang, Andrew and Liu, Bo and Katz, Elyse and Zhang, Yanwei and Wyman, Bradley T and Raunig, David and Jedynak, C Pierre and Caffo, Brian and Prince, Jerry L and others},
  journal={Neuroimage},
  volume={63},
  number={3},
  pages={1478--1486},
  year={2012},
  publisher={Elsevier}
}
 

@article{guerrero2016instantiated,
  title={Instantiated mixed effects modeling of Alzheimer's disease markers},
  author={Guerrero, Ricardo and Schmidt-Richberg, Alexander and Ledig, Christian and Tong, Tong and Wolz, Robin and Rueckert, Daniel and Alzheimer's Disease Neuroimaging Initiative (ADNI and others},
  journal={NeuroImage},
  volume={142},
  pages={113--125},
  year={2016},
  publisher={Elsevier}
}

@article{yau2015longitudinal,
  title={Longitudinal assessment of neuroimaging and clinical markers in autosomal dominant Alzheimer's disease: a prospective cohort study},
  author={Yau, Wai-Ying Wendy and Tudorascu, Dana L and McDade, Eric M and Ikonomovic, Snezana and James, Jeffrey A and Minhas, Davneet and Mowrey, Wenzhu and Sheu, Lei K and Snitz, Beth E and Weissfeld, Lisa and others},
  journal={The Lancet Neurology},
  volume={14},
  number={8},
  pages={804--813},
  year={2015},
  publisher={Elsevier}
}

@article{forouzannezhad2020gaussian,
  title={A Gaussian-based model for early detection of mild cognitive impairment using multimodal neuroimaging},
  author={Forouzannezhad, Parisa and Abbaspour, Alireza and Li, Chunfei and Fang, Chen and Williams, Ulyana and Cabrerizo, Mercedes and Barreto, Armando and Andrian, Jean and Rishe, Naphtali and Curiel, Rosie E and others},
  journal={Journal of neuroscience methods},
  volume={333},
  pages={108544},
  year={2020},
  publisher={Elsevier}
}


@article{uysal2020hippocampal,
  title={Hippocampal atrophy based Alzheimer’s disease diagnosis via machine learning methods},
  author={Uysal, Gokce and Ozturk, Mahmut},
  journal={Journal of Neuroscience Methods},
  volume={337},
  pages={108669},
  year={2020},
  publisher={Elsevier}
}

@article{beheshti2017classification,
  title={Classification of Alzheimer's disease and prediction of mild cognitive impairment-to-Alzheimer's conversion from structural magnetic resource imaging using feature ranking and a genetic algorithm},
  author={Beheshti, Iman and Demirel, Hasan and Matsuda, Hiroshi and Alzheimer's Disease Neuroimaging Initiative and others},
  journal={Computers in biology and medicine},
  volume={83},
  pages={109--119},
  year={2017},
  publisher={Elsevier}
}

@article{dimitriadis2018random,
  title={Random forest feature selection, fusion and ensemble strategy: Combining multiple morphological MRI measures to discriminate among healhy elderly, MCI, cMCI and alzheimer’s disease patients: From the alzheimer’s disease neuroimaging initiative (ADNI) database},
  author={Dimitriadis, Stavros I and Liparas, Dimitris and Tsolaki, Magda N and Alzheimer's Disease Neuroimaging Initiative and others},
  journal={Journal of neuroscience methods},
  volume={302},
  pages={14--23},
  year={2018},
  publisher={Elsevier}
}

@article{el2021alzheimer,
  title={Alzheimer’s disease progression detection model based on an early fusion of cost-effective multimodal data},
  author={El-Sappagh, Shaker and Saleh, Hager and Sahal, Radhya and Abuhmed, Tamer and Islam, SM Riazul and Ali, Farman and Amer, Eslam},
  journal={Future Generation Computer Systems},
  volume={115},
  pages={680--699},
  year={2021},
  publisher={Elsevier}
}

@article{zhou2013modeling,
  title={Modeling disease progression via multi-task learning},
  author={Zhou, Jiayu and Liu, Jun and Narayan, Vaibhav A and Ye, Jieping and Alzheimer's Disease Neuroimaging Initiative and others},
  journal={NeuroImage},
  volume={78},
  pages={233--248},
  year={2013},
  publisher={Elsevier}
}

@article{dyrba2015predicting,
  title={Predicting prodromal Alzheimer's disease in subjects with mild cognitive impairment using machine learning classification of multimodal multicenter diffusion-tensor and magnetic resonance imaging data},
  author={Dyrba, Martin and Barkhof, Frederik and Fellgiebel, Andreas and Filippi, Massimo and Hausner, Lucrezia and Hauenstein, Karlheinz and Kirste, Thomas and Teipel, Stefan J and EDSD Study Group},
  journal={Journal of Neuroimaging},
  volume={25},
  number={5},
  pages={738--747},
  year={2015},
  publisher={Wiley Online Library}
}

@inproceedings{ngiam2011multimodal,
  title={Multimodal deep learning},
  author={Ngiam, Jiquan and Khosla, Aditya and Kim, Mingyu and Nam, Juhan and Lee, Honglak and Ng, Andrew Y},
  booktitle={ICML},
  year={2011}
}

@article{mueller2005ways,
  title={Ways toward an early diagnosis in Alzheimer’s disease: the Alzheimer’s Disease Neuroimaging Initiative (ADNI)},
  author={Mueller, Susanne G and Weiner, Michael W and Thal, Leon J and Petersen, Ronald C and Jack, Clifford R and Jagust, William and Trojanowski, John Q and Toga, Arthur W and Beckett, Laurel},
  journal={Alzheimer's \& Dementia},
  volume={1},
  number={1},
  pages={55--66},
  year={2005},
  publisher={Elsevier}
}

@article{esteva2017dermatologist,
  title={Dermatologist-level classification of skin cancer with deep neural networks},
  author={Esteva, Andre and Kuprel, Brett and Novoa, Roberto A and Ko, Justin and Swetter, Susan M and Blau, Helen M and Thrun, Sebastian},
  journal={nature},
  volume={542},
  number={7639},
  pages={115--118},
  year={2017},
  publisher={Nature Publishing Group}
}

@article{weng2017combining,
  title={Combining deep learning and coherent anti-Stokes Raman scattering imaging for automated differential diagnosis of lung cancer},
  author={Weng, Sheng and Xu, Xiaoyun and Li, Jiasong and Wong, Stephen TC},
  journal={Journal of biomedical optics},
  volume={22},
  number={10},
  pages={106017},
  year={2017},
  publisher={International Society for Optics and Photonics}
}

@article{stahlschmidt2022multimodal,
  title={Multimodal deep learning for biomedical data fusion: a review},
  author={Stahlschmidt, S{\"o}ren Richard and Ulfenborg, Benjamin and Synnergren, Jane},
  journal={Briefings in Bioinformatics},
  volume={23},
  number={2},
  pages={bbab569},
  year={2022},
  publisher={Oxford University Press}
}

@inproceedings{sklearn_api,
  author    = {Lars Buitinck and Gilles Louppe and Mathieu Blondel and
               Fabian Pedregosa and Andreas Mueller and Olivier Grisel and
               Vlad Niculae and Peter Prettenhofer and Alexandre Gramfort
               and Jaques Grobler and Robert Layton and Jake VanderPlas and
               Arnaud Joly and Brian Holt and Ga{\"{e}}l Varoquaux},
  title     = {{API} design for machine learning software: experiences from the scikit-learn
               project},
  booktitle = {ECML PKDD Workshop: Languages for Data Mining and Machine Learning},
  year      = {2013},
  pages = {108--122},
}